<record><leader>00000cas a22000007a 4500</leader><controlfield tag="001">25729117</controlfield><controlfield tag="008">920428d18701870nyuwr ne      0    0eng d</controlfield><datafield ind1=" " ind2=" " tag="010"><subfield code="a">sn 92061771 </subfield></datafield><datafield ind1=" " ind2=" " tag="040"><subfield code="a">NYS</subfield><subfield code="b">eng</subfield><subfield code="c">NYS</subfield><subfield code="d">OCLCQ</subfield></datafield><datafield ind1=" " ind2=" " tag="042"><subfield code="a">msc</subfield></datafield><datafield ind1="0" ind2="4" tag="245"><subfield code="a">The Hancock weekly times.</subfield></datafield><datafield ind1=" " ind2=" " tag="260"><subfield code="a">Hancock, Delaware Co., N.Y. :</subfield><subfield code="b">S.C. Clizbe</subfield></datafield><datafield ind1=" " ind2=" " tag="300"><subfield code="a">v.</subfield></datafield><datafield ind1=" " ind2=" " tag="310"><subfield code="a">Weekly</subfield></datafield><datafield ind1="1" ind2=" " tag="362"><subfield code="a">Began in 1870; ceased in 1870.</subfield></datafield><datafield ind1=" " ind2=" " tag="588"><subfield code="a">Description based on: Vol. 1, no. 10 (May 22, 1870).</subfield></datafield><datafield ind1=" " ind2="4" tag="651"><subfield code="a">Hancock (N.Y.)</subfield><subfield code="v">Newspapers.</subfield></datafield><datafield ind1=" " ind2=" " tag="752"><subfield code="a">United States</subfield><subfield code="b">New York</subfield><subfield code="c">Delaware</subfield><subfield code="d">Hancock.</subfield></datafield><datafield ind1="0" ind2="0" tag="785"><subfield code="t">Hancock times</subfield><subfield code="w">(DLC)sn 83031388</subfield></datafield><datafield ind1="1" ind2=" " tag="029"><subfield code="a">AU@</subfield><subfield code="b">000020693510</subfield></datafield></record>